%1
@Article{ZwanzigSqrWell,
  title={High-temperature equation of state by a perturbation Method. I. nonpolar gases},
  author={Robert Zwanzig},
  journal={The Journal of Chemical Physics},
  volume = {22},
  number = {8},
  pages = {1420},
  year={1954}
}

@article{rowlinson1964statistical,
  title={The statistical mechanics of systems with steep intermolecular potentials},
  author={Rowlinson, J.S.},
  journal={Molecular Physics},
  volume={8},
  number={2},
  pages={107--115},
  year={1964},
  publisher={Taylor \& Francis}
}

@article{barker1967perturbation,
  title={Perturbation theory and equation of state for fluids. II. A successful theory of liquids},
  author={Barker, J.A. and Henderson, D.},
  journal={The Journal of Chemical Physics},
  volume={47},
  number={11},
  pages={4714},
  year={1967},
  publisher={AIP Publishing}
}

@article{andersen1971relationship,
  title={Relationship between the hard-sphere fluid and fluids with realistic repulsive forces},
  author={Andersen, Hans C and Weeks, John D and Chandler, David},
  journal={Physical Review A},
  volume={4},
  number={4},
  pages={1597},
  year={1971},
  publisher={APS}
}

@article{lowen,
  title={Density functional theory of inhomogeneous classical fluids: recent developments and new perspectives},
  author={H. L\"{o}wen},
  journal={Journal of Physics: Condensed Matter},
  volume={14},
  number={46},
  pages={11897},
  year={2002},
}

@Article{ReissSPT,
  title={Statistical mechanics of rigid spheres},
  author={H. Reiss and H.L. Frisch and J.L. Lebowitz},
  journal={The Journal of Chemical Physics},
  volume={31},
  pages = {369},
  year = {1959}
}

@Book{Hansen,
  author = {J. P. Hansen and I. R. McDonald},
  year = {1989},
  title = {Theory of Simple Liquids}
}

@Article{PercusYevick,
  title={Analysis of classical statistical mechanics by means of collective coordinates},
  author={J.K. Percus and G.J. Yevick},
  journal={Physical Review},
  volume = {110},
  number = {1},
  year = {1958}
}

@Article{MoritaDFT,
  title={A new approach to the theory of classical fluids. general treatment of classical systems},
  author={T. Morita and K. Hiroike},
  journal={Progress of Theoretical Physics},
  volume = {25},
  number = {4},
  pages = {537},
  year = {1961}
}

@Article{stillingerandbuff,
  title={Equilibrium statistical mechanics of inhomogeneous fluids},
  author={F.H. Stillinger and F.P. Buff},
  journal={The Journal of Chemical Physics},
  volume = {37},
  pages = {1},
  year = {1962}
}

@Article{lobowitzandpercus,
  title={Statistical thermodynamics of nonuniform fluids},
  author={J.L. Lebowitz and J.K. Percus},
  journal={Journal of Mathematical Physics},
  volume = {4},
  pages = {116},
  year = {1963}
}

@Article{merium,
  title={Thermal properties of the inhomogeneous electron gas},
  author={Merium, N. D.},
  journal={Physical Review},
  volume = {137},
  pages = {A1441},
  year = {1965}
}

@Book{inhomogeneousfluids,
  author = {D. Henderson},
  year = {1992},
  title = {Fundamentals of Inhomogeneous Fluids}
}

@Article{rosenfeld1989,
  title = {Free-energy model for the inhomogeneous hard-sphere fluid mixture and density-functional theory of freezing},
  author = {Rosenfeld, Y.},
  journal = {Physical Review Letters},
  volume = {63},
  number = {9},
  pages = {980},
  year = {1989},
  doi = {10.1103/PhysRevLett.63.980},
  publisher = {American Physical Society}
}

@Article{rosenfeld1988,
  title={Scaled particle theory of the structure and the thermodynamics of isotropic hard particle fluids},
  author={Rosenfeld, Y.},
  journal={The Journal of Chemical Physics},
  volume = {89},
  pages = {4272},
  year = {1988}
}

@article{santos2012phi3,
  title={Class of consistent fundamental-measure free energies for hard-sphere mixtures},
  author={Santos, A.},
  journal={Physical Review E},
  volume={86},
  number={4},
  pages={040102},
  year={2012},
  doi = {10.1103/PhysRevE.86.040102},
  publisher={APS}
}

@Article{tarazonaphi3,
  title = {Density functional for hard sphere crystals: a fundamental measure approach},
  author = {Tarazona, P.},
  journal = {Physical Review Letters},
  volume = {84},
  number = {4},
  pages = {694},
  year = {2000},
  doi = {10.1103/PhysRevLett.84.694},
  publisher = {American Physical Society}
}

@Article{rothreview,
  title = {Funamental measure theory for hard-sphere mixtures: a review},
  author = {Roth, R.},
  journal = {Journal of Physics: Condensed Matter},
  volume = {22},
  number={6},
  pages = {063102},
  year = {2010},
  doi = {10.1088/0953-8984/22/6/063102},
  publisher = {IOP Publishing}
}

@article{schmidt1999density,
  title={Density-functional theory for soft interactions by dimensional crossover},
  author={Schmidt, M.},
  journal={Physical Review E},
  volume={60},
  number={6},
  pages={R6291},
  year={1999},
  publisher={APS}
}

@article{schmidt2000fluid,
  title={Fluid structure from density-functional theory},
  author={Schmidt, M.},
  journal={Physical Review E},
  volume={62},
  number={4},
  pages={4976},
  year={2000}
}

@article{evansreview,
  title={New Developments in classical density functional theory},
  author={Evans, R.},
  journal={Journal of Physics: Condensed Matter},
  volume={28},
  pages={240401},
  year={2016}
}

@article{BHextended,
  title={Mean-field theory of inhomogeneous fuids},
  author={S.M. Tschopp and H.D. Vuijk and A. Sharma and J.M. Brader},
  journal={Physical Review E},
  volume={102},
  pages={042140},
  year={2020}
}

@article{ramakrishnanandyussouff,
  title={First-principles order-parameter of freezing},
  author={T.V. Ramakrishnan and M. Yussouff},
  journal={Physical Review B},
  volume={19},
  number={5},
  pages={2775},
  year={1979}
}

@article{Oettel2010,
  title={Free energies, vacancy concentrations, and density distruibution anisotropies in hard-sphere crystals: A combined density functional and simulaton study},
  author={M. Oettel and S. Gorig and A. Hartel and H. L\"owen and M. Radu and T. Schilling},
  journal={Physical Review E},
  volume={82},
  number={5},
  pages={051404},
  year={2010}
}

@article{asakuraoosawa,
  title={A fundamental measure density functional for fluid and crystal phases of the asakura-oosawa model},
  author={M. Mortazavifar and M. Oettel},
  journal={Journal of Physics: Condensed Matter},
  volume={28},
  number={24},
  pages={244018},
  year={2016}
}

@article{lutsko,
  title={Classical density functional theory, unconstrained cyrstallization, and polymorphic behavior},
  author={J.F. Lutsko and Lam, J.},
  journal={Physical Review E},
  volume={98},
  number={1},
  pages={012604},
  year={2018},
}

lutskoschoonen2020
@article{lutskoschoonen2020,
  title={Classical density functional theory applied to the solid state},
  author={J.F. Lutsko  and C. Schoonen},
  journal={Physical Review E},
  volume={102},
  pages={062136},
  year={2020}
}

@Book{schroeder,
  author = {D.V. Schroeder},
  year = {2000},
  title = {Thermal Physics}
}

@Article{rosenfeld1994,
  title = {Density functional theory of molecular fluids: Free energy model of the inhomogeneous hard-body fluid},
  author = {Rosenfeld, Y.},
  journal = {Physical Review E},
  volume = {50},
  number = {5},
  pages = {R3318(R)},
  year = {1994}
}

@Article{rosenfeld1996,
  title = {Fundamental-measure free-energy density functional for hard spheres: Dimensional crossover and freezing},
  author = {Y. Rosenfeld and M. Schmidt and H. L\"owen and P. Tarazona}, 
  journal = {Physical Review E},
  volume = {55},
  number = {4},
  pages = {4245},
  year = {1997}
}

@Article{fmtfromsptandsignerror,
  title = {Equivalence of two free-energy models for the inhomogeneous hard-sphere fluid},
  author = {S. Phan and E. Kierlik and M.L. Rosinberg and B. Bildstein and G. Kahl},
  journal = {Physical Review E},
  volume = {48},
  number = {1},
  pages = {618},
  year = {1993}
}

@mastersthesis{May,
  title={Freezing a softly repulsive fluid: Monte Carlo methods and the Weeks-Chandler-Anderson potential},
  author={Christopher May},
  school={Oregon State University},
  year={2018}
}

%-----------------------------------------------------------------------
@article{ahmedsadus,
  title={Phase diagram of the Weeks-Chandler-Anderson potential from very low to high temperatures and pressures},
  author={Ahmed, Sadus},
  journal={Physical Review E},
  volume={80},
  pages={061101},
  year={2009},
  doi = {10.1103/PhysRevE.80.061101}
}

%1-21

@article{gil-villegas-1997-SAFT-VR,
  title={{Statistical associating fluid theory for chain molecules with attractive potentials of variable range}},
  author={Gil-Villegas, A. and Galindo, A. and Whitehead, P.J. and Mills, S.J. and Jackson, G. and Burgess, A.N.},
  journal={The Journal of Chemical Physics},
  volume={106},
  pages={4168},
  year={1997}
}

@article{clark2006developing,
  title={Developing optimal Wertheim-like models of water for use in Statistical Associating Fluid Theory (SAFT) and related approaches},
  author={Clark, Gary NI and Haslam, Andrew J and Galindo, Amparo and Jackson, George},
  journal={Molecular physics},
  volume={104},
  number={22-24},
  pages={3561--3581},
  year={2006},
  publisher={Taylor \& Francis}
}
@article{lafitte2013accurate,
  title={Accurate statistical associating fluid theory for chain molecules formed from Mie segments},
  author={Lafitte, Thomas and Apostolakou, Anastasia and Avenda{\~n}o, Carlos and Galindo, Amparo and Adjiman, Claire S and M{\"u}ller, Erich A and Jackson, George},
  journal={The Journal of Chemical Physics},
  volume={139},
  number={15},
  pages={154504},
  year={2013},
  publisher={AIP Publishing}
}
@article{carnahan1969equation,
  title={Equation of state for nonattracting rigid spheres},
  author={Carnahan, Norman F and Starling, Kenneth E},
  journal={The Journal of Chemical Physics},
  volume={51},
  number={2},
  pages={635--636},
  year={1969},
  publisher={AIP Publishing}
}
@article{rosenfeld1997,
  title = {Fundamental-measure free-energy density functional for hard spheres: Dimensional crossover and freezing },
  author = {Rosenfeld, Y.  and Schmidt, M.  and L\"owen, H.  and Tarazona, P. },
  journal = {Physical Review E},
  volume = {55},
  number = {4},
  pages = {4245--4263},
  numpages = {18},
  year = {1997},
  month = {Apr},
  doi = {10.1103/PhysRevE.55.4245},
  publisher = {American Physical Society}
}
@article{roth2002whitebear,
  title={Fundamental measure theory for hard-sphere mixtures revisited: the White Bear version},
  author={Roth, R. and Evans, R. and Lang, A. and Kahl, G.},
  journal={Journal of Physics: Condensed Matter},
  volume={14},
  pages={12063},
  year={2002},
  publisher={IOP Publishing}
}
@article{marechal2013density,
  title={Density functional theory for hard polyhedra},
  author={Marechal, Matthieu and L{\"o}wen, Hartmut},
  journal={Physical Review Letters},
  volume={110},
  number={13},
  pages={137801},
  year={2013},
  publisher={APS}
}
@article{cuesta1997dimensional,
  title={Dimensional crossover of the fundamental-measure functional for parallel hard cubes},
  author={Cuesta, Jos{\'e} A and Mart{\'\i}nez-Rat{\'o}n, Yuri},
  journal={Physical Review Letters},
  volume={78},
  number={19},
  pages={3681},
  year={1997},
  publisher={APS}
}
@article{hansen2009fundamental,
  title={Fundamental measure theory for inhomogeneous fluids of nonspherical hard particles},
  author={Hansen-Goos, Hendrik and Mecke, Klaus},
  journal={Physical Review Letters},
  volume={102},
  number={1},
  pages={018302},
  year={2009},
  publisher={APS}
}
@article{groh2001density,
  title={Density-functional theory for structure and freezing of star polymer solutions},
  author={Groh, Benito and Schmidt, Matthias},
  journal={The Journal of Chemical Physics},
  volume={114},
  number={12},
  pages={5450--5456},
  year={2001},
  publisher={AIP Publishing}
}
@article{kim2001adsorption,
  title={Adsorption of a polydisperse soft-sphere fluid in a slit pore},
  author={Kim, Soon-Chul},
  journal={The Journal of Chemical Physics},
  volume={114},
  number={21},
  pages={9593--9598},
  year={2001},
  publisher={AIP Publishing}
}
@article{sweatman2002fundamental,
  title={Fundamental measure theory for pure systems with soft, spherically repulsive interactions},
  author={Sweatman, MB},
  journal={Journal of Physics: Condensed Matter},
  volume={14},
  number={46},
  pages={11921},
  year={2002},
  publisher={IOP Publishing}
}
@article{weeks1971,
author = {John D. Weeks and David Chandler and Hans C. Andersen},
title = {Role of Repulsive Forces in Determining the Equilibrium Structure of Simple Liquids},
publisher = {AIP},
year = {1971},
journal = {The Journal of Chemical Physics},
volume = {54},
number = {12},
pages = {5237-5247},
url = {http://link.aip.org/link/?JCP/54/5237/1},
doi = {10.1063/1.1674820}
}
@article{mikolaj2004structure,
  title={Structure of Liquids. III. An X-Ray Diffraction Study of Fluid Argon},
  author={Mikolaj, PG and Pings, CJ},
  journal={The Journal of Chemical Physics},
  volume={46},
  number={4},
  pages={1401--1411},
  year={2004},
  publisher={AIP Publishing}
}
@article{eggert2002quantitative,
  title={Quantitative structure factor and density measurements of high-pressure fluids in diamond anvil cells by x-ray diffraction: Argon and water},
  author={Eggert, Jon H and Weck, Gunnar and Loubeyre, Paul and Mezouar, Mohamed},
  journal={Physical Review B},
  volume={65},
  number={17},
  pages={174105},
  year={2002},
  publisher={APS}
}
@article{yarnell1973structure,
  title={Structure factor and radial distribution function for liquid argon at 85 K},
  author={Yarnell, JL and Katz, MJ and Wenzel, Ro Go and Koenig, SH},
  journal={Physical Review A},
  volume={7},
  number={6},
  pages={2130},
  year={1973},
  publisher={APS}
}
@article{verlet1967computer,
  title={Computer" experiments" on classical fluids. I. Thermodynamical properties of Lennard-Jones molecules},
  author={Verlet, Loup},
  journal={Physical review},
  volume={159},
  number={1},
  pages={98},
  year={1967},
  publisher={APS}
}

@article{schmidt2000density,
  title={Density functional for additive mixtures},
  author={Schmidt, Matthias},
  journal={Physical Review E},
  volume={62},
  number={3},
  pages={3799},
  year={2000},
  publisher={APS}
}

